%% https://pages.lip6.fr/Marek.Zawirski/papers/RR-7687.pdf
@inproceedings{Shapiro:2011,
author = {Shapiro, M. and Pregui{\c c}a, N. and Baquero, C. and Zawirski, M.},
title = {Conflict-Free Replicated Data Types},
booktitle = {13th Int. Symp. on Stabilization, Safety, and Security of Distributed Systems},
year = {2011}
}

%% http://hal.inria.fr/inria-00555588/
@techreport{Shapiro:2011wy,
author = {Shapiro, M. and Pregui{\c c}a, N. and Baquero, C. and Zawirski, M.},
title = {A comprehensive study of Convergent and Commutative Replicated Data Types},
year = {2011},
number = {7506},
month = jan,
institution = {INRIA}
}

%% http://www.cs.cornell.edu/people/egs/cs6460-spring10/sybil.pdf
@inproceedings{Douceur:2002,
author = {Douceur, J.R.},
title = {The {Sybil} Attack},
booktitle = {International Workshop on Peer-to-Peer Systems},
year = {2002}
}

% https://groups.csail.mit.edu/tds/papers/Lynch/FischerLynchMerritt-dc.pdf
@inproceedings{Fischer:1985,
 author = {Fischer, M.J. and Lynch, N.A. and Merritt, M.},
 title = {Easy Impossibility Proofs for Distributed Consensus Problems},
 year = {1985},
 booktitle = {PODC}
}

% https://groups.csail.mit.edu/tds/papers/Lynch/jacm88.pdf
@article{Dwork:1988,
 author = {Dwork, C. and Lynch, N. and Stockmeyer, L.},
 title = {Consensus in the Presence of Partial Synchrony},
 year = {1988},
 volume = {35},
 number = {2},
 journal = {Journal of the ACM},
 month = apr,
 pages = {288–323}
}

% http://pmg.csail.mit.edu/papers/osdi99.pdf
@inproceedings{Castro:1999,
 author = {Castro, M. and Liskov, B.},
 title = {Practical {Byzantine} Fault Tolerance},
 year = {1999},
 booktitle = {OSDI}
}

% https://people.eecs.berkeley.edu/~luca/cs174/byzantine.pdf
@article{Lamport:1982,
 author = {Lamport, L. and Shostak, R. and Pease, M.},
 title = {The {Byzantine} Generals Problem},
 year = {1982},
 volume = {4},
 number = {3},
 journal = {ACM TOPLAS},
 month = jul,
 pages = {382–401}
}

% http://research.microsoft.com/en-US/um/people/Lamport/pubs/time-clocks.pdf
@article{Lamport:1978,
author = {Lamport, L.},
title = {Time, clocks, and the ordering of events in a distributed system},
journal = {Communications of the ACM},
year = {1978},
volume = {21},
number = {7},
pages = {558--565},
month = jul
}

% https://arxiv.org/abs/1711.03936
@inproceedings{Bano:2019,
 author = {Bano, S. and Sonnino, A. and Al-Bassam, M. and Azouvi, S. and McCorry, P. and Meiklejohn, S. and Danezis, G.},
 title = {{SoK}: Consensus in the Age of Blockchains},
 year = {2019},
 booktitle = {Advances in Financial Technologies}
}

% http://www.cs.albany.edu/~jhh/courses/readings/clement.sosp09.upright.pdf
@inproceedings{Clement:2009,
 author = {Clement, A. and Kapritsos, M. and Lee, S. and Wang, Y. and Alvisi, L. and Dahlin, M. and Riche, T.},
 title = {Upright Cluster Services},
 year = {2009},
 booktitle = {SOSP}
}

% https://zoo.cs.yale.edu/classes/cs426/2017/bib/adb-ei-malek05fault-scalable.pdf
@article{Abd:2005,
 author = {Abd-El-Malek, M. and Ganger, G.R. and Goodson, G.R. and Reiter, M.K. and Wylie, J.J.},
 title = {Fault-Scalable {Byzantine} Fault-Tolerant Services},
 year = {2005},
 volume = {39},
 number = {5},
 journal = {SIGOPS Operating Systems Review},
 pages = {59–74}
}

% http://www.cs.cornell.edu/lorenzo/papers/Martin06Fast.pdf
@article{Martin:2006,
 author = {Martin, J.-P. and Alvisi, L.},
 title = {Fast {Byzantine} Consensus},
 year = {2006},
 volume = {3},
 number = {3},
 journal = {IEEE Transactions on Dependable and Secure Computing},
 month = jul,
 pages = {202–215}
}

% http://pmg.csail.mit.edu/papers/hq/hq-osdi06.pdf
@inproceedings{Cowling:2006,
 author = {Cowling, J. and Myers, D. and Liskov, B. and Rodrigues, R. and Shrira, L.},
 title = {{HQ} Replication: A Hybrid Quorum Protocol for Byzantine Fault Tolerance},
 year = {2006},
 booktitle = {OSDI}
}

% http://www.cs.cornell.edu/lorenzo/papers/kotla07Zyzzyva.pdf
@article{Kotla:2007,
 author = {Kotla, R. and Alvisi, L. and Dahlin, M. and Clement, A. and Wong, E.},
 title = {{Zyzzyva}: Speculative {Byzantine} Fault Tolerance},
 year = {2007},
 volume = {41},
 number = {6},
 journal = {SIGOPS Operating Systems Review},
 month = oct,
 pages = {45–58}
}

% https://arxiv.org/abs/1803.05069
@inproceedings{Yin:2019,
 author = {Yin, M. and Malkhi, D. and Reiter, M.K. and Gueta, G.G. and Abraham, I.},
 title = {{HotStuff}: {BFT} Consensus with Linearity and Responsiveness},
 year = {2019},
 booktitle = {PODC}
}

% http://www.vukolic.com/700-Eurosys.pdf
@article{Aublin:2015,
 author = {Aublin, P.-L. and Guerraoui, R. and Kne\v{z}evi\'{c}, N. and Qu\'{e}ma, V. and Vukoli\'{c}, M.},
 title = {The Next 700 {BFT} Protocols},
 year = {2015},
 volume = {32},
 number = {4},
 journal = {ACM Transactions on Computer Systems},
 month = jan
}

% https://dl.acm.org/doi/10.1145/98163.98167
@article{Schneider:1990,
author = {Schneider, F.B.},
title = {Implementing Fault-Tolerant Services Using the State Machine Approach: A Tutorial},
year = {1990},
volume = {22},
number = {4},
journal = {ACM Computing Surveys},
month = dec,
pages = {299–319}
}

% https://people.eecs.berkeley.edu/~raluca/cs261-f15/readings/merkle.pdf  
@inproceedings{Merkle:1987,
author = {Merkle, R.C.},
title = {A Digital Signature Based on a Conventional Encryption Function},
year = {1987},
booktitle = {CRYPTO}
}

% http://dcg.ethz.ch/lectures/hs08/seminar/papers/mattern4.pdf
@article{Schwarz:1994,
author = {Schwarz, R. and Mattern, F.},
title = {Detecting causal relationships in distributed computations: In search of the holy grail},
journal = {Distributed Computing},
year = {1994},
volume = {7},
number = {3},
pages = {149--174},
month = mar
}

% http://homepage.divms.uiowa.edu/~ghosh/VirtualTime.pdf
@article{Jefferson:1985,
author = {Jefferson, David R},
title = {Virtual time},
journal = {ACM TOPLAS},
year = {1985},
volume = {7},
number = {3},
pages = {404--425},
month = jul
}

% http://www.cs.nyu.edu/~mwalfish/papers/depot-tocs11.pdf
@article{Mahajan:2011,
author = {Mahajan, P. and Setty, S. and Lee, S. and Clement, A. and Alvisi, L. and Dahlin, M. and Walfish, M.},
title = {{Depot}: Cloud Storage with Minimal Trust},
journal = {ACM Transactions on Computer Systems},
year = {2011},
volume = {29},
number = {4},
month = dec
}

% https://www.usenix.org/legacy/events/nsdi07/tech/full_papers/li/li.pdf
@inproceedings{Li:2007,
author = {Li, J. and Mazi{\`e}res, D.},
title = {Beyond One-third Faulty Replicas in {Byzantine} Fault Tolerant Systems},
booktitle = {NSDI},
year = {2007}
}

% http://cs.brown.edu/courses/cs296-2/papers/sundr.pdf
@inproceedings{Mazieres:2002,
author = {Mazi{\`e}res, D. and Shasha, D.},
title = {Building secure file systems out of {Byzantine} storage},
booktitle = {PODC},
year = {2002}
}

@misc{GitHTTP,
author = {Pearce, S.O. and Hamano, J.C.},
title = {Git HTTP transfer protocols},
year = {2013},
url = {https://www.git-scm.com/docs/http-protocol}
}

% https://www.usenix.org/legacy/events/nsdi09/tech/full_papers/singh/singh.pdf
@inproceedings{Singh:2009,
author = {Singh, A. and Fonseca, P. and Kuznetsov, P. and Rodrigues, R. and Maniatis, P.},
title = {{Zeno}: Eventually Consistent {Byzantine}-Fault Tolerance},
year = {2009},
booktitle = {NSDI}
}

% https://dl.acm.org/doi/10.1109/DSN.2014.43
@inproceedings{Bessani:2014,
author = {Bessani, A. and Sousa, J. and Alchieri, E.E.P.},
title = {State Machine Replication for the Masses with {BFT-SMART}},
year = {2014},
booktitle = {Dependable Systems and Networks}
}

% https://haslab.uminho.pt/ashoker/files/secureec.pdf
@inproceedings{Shoker:2017,
author = {Shoker, A. and Yactine, H. and Baquero, C.},
title = {As Secure as Possible Eventual Consistency: Work in Progress},
year = {2017},
booktitle = {Principles and Practice of Consistency for Distributed Data},
series = {PaPoC}
}
  
% https://ieeexplore.ieee.org/document/6930537
@inproceedings{Chai:2014,
author = {Chai, H. and Zhao, W.},
title = {Byzantine Fault Tolerance for Services with Commutative Operations},
year = {2014},
booktitle = {IEEE International Conference on Services Computing}
}

@article{Bloom:1970,
author = {Bloom, B.H.},
title = {Space/Time Trade-Offs in Hash Coding with Allowable Errors},
year = {1970},
volume = {13},
number = {7},
journal = {Communications of the ACM},
month = jul,
pages = {422–426}
}

@inproceedings{Lloyd:2011,
author = {Lloyd, W. and Freedman, M.J. and Kaminsky, M. and Andersen, D.G.},
title = {Don't Settle for Eventual: Scalable Causal Consistency for Wide-Area Storage with {COPS}},
year = {2011},
booktitle = {SOSP}
}

@article{Ahamad:1995,
author = {Ahamad, M. and Neiger, G. and Burns, J.E. and Kohli, P. and Hutto, P.W.},
title = {Causal memory: definitions, implementation, and programming},
journal = {Distributed Computing},
year = {1995},
volume = {9},
number = {1},
pages = {37--49}
}

% https://www.ics.uci.edu/~eppstein/pubs/EppGooUye-SIGCOMM-11.pdf
@inproceedings{Eppstein:2011,
author = {Eppstein, D. and Goodrich, M.T. and Uyeda, F. and Varghese, G.},
title = {What’s the Difference? {Efficient} Set Reconciliation without Prior Context},
year = {2011},
booktitle = {ACM SIGCOMM Conference},
pages = {218–229}
}

% https://arxiv.org/abs/1101.2245
@misc{Goodrich:2011,
title={Invertible Bloom Lookup Tables},
author={Goodrich, M.T. and Mitzenmacher, M.},
year={2011},
eprint={1101.2245},
archivePrefix={arXiv},
primaryClass={cs.DS}
}

% http://ipsit.bu.edu/documents/ieee-it3-web.pdf
@article{Minsky:2006,
author = {Minsky, Y. and Trachtenberg, A. and Zippel, R.},
title = {Set Reconciliation with Nearly Optimal Communication Complexity},
year = {2006},
volume = {49},
number = {9},
journal = {IEEE Transactions on Information Theory},
pages = {2213–2218}
}
  
% https://dl.acm.org/doi/10.1145/1998476.1998483
@inproceedings{Skjegstad:2011,
author = {Skjegstad, M. and Maseng, T.},
title = {Low Complexity Set Reconciliation Using {Bloom} Filters},
year = {2011},
booktitle = {7th ACM International Workshop on Foundations of Mobile Computing}
}

@inproceedings{DeCandia:2007ui,
author = {DeCandia, G. and Hastorun, D. and Jampani, M. and Kakulapati, G. and Lakshman, A. and Pilchin, A. and Sivasubramanian, S. and Vosshall, P. and Vogels, W.},
title = {{Dynamo}: {Amazon's} highly available key-value store},
booktitle = {SOSP},
year = {2007}
}

@article{Lakshman:2009tz,
author = {Lakshman, A. and Malik, P.},
title = {{Cassandra} -- A Decentralized Structured Storage System},
journal = {SIGOPS Operating Systems Review},
year = {2010},
volume = {44},
number = {2},
pages = {35--40},
month = apr
}

@incollection{Preguica:2018gi,
author = {Pregui{\c c}a, N. and Baquero, C. and Shapiro, M.},
title = {Conflict-Free Replicated Data Types ({CRDTs})},
booktitle = {Encyclopedia of Big Data Technologies},
year = {2018},
publisher = {Springer},
eprint={1805.06358},
archivePrefix={arXiv}
}

@inproceedings{Brown2016bigsets,
author = {Brown, R. and Lakhani, Z. and Place, P.},
title = {Big(Ger) Sets: Decomposed Delta {CRDT} Sets in {Riak}},
booktitle = {2nd Workshop on the Principles and Practice of Consistency for Distributed Data},
year = {2016}
}

%% http://lip6.fr/Marc.Shapiro/papers/write-fast-read-past-middleware-2015.pdf
@inproceedings{Zawirski2015SwiftCloud,
author = {Zawirski, M. and Pregui{\c c}a, N. and Duarte, S. and Bieniusa, A. and Balegas, V. and Shapiro, M.},
title = {Write Fast, Read in the Past: Causal Consistency for Client-side Applications},
booktitle = {MIDDLEWARE},
year = {2015}
}

%% https://pages.lip6.fr/Marc.Shapiro/papers/Cure-final-ICDCS16.pdf
@inproceedings{Akkoorath2016Cure,
author = {Akkoorath, D.D. and Tomsic, A.Z. and Bravo, M. and Li, Z. and Crain, T. and Bieniusa, A. and Pregui{\c c}a, N. and Shapiro, M.},
title = {{Cure}: Strong Semantics Meets High Availability and Low Latency},
booktitle = {ICDCS},
year = {2016}
}

@article{Lv:2018ie,
author = {Lv, X. and He, F. and Cheng, Y. and Wu, Y.},
title = {A novel {CRDT}-based synchronization method for real-time collaborative {CAD} systems},
journal = {Advanced Engineering Informatics},
year = {2018},
volume = {38},
pages = {381--391}
}

%% https://pages.lip6.fr/Marc.Shapiro/papers/VMCAI-2018-filesys.pdf
@inproceedings{Najafzadeh:2018bw,
author = {Najafzadeh, M. and Shapiro, M. and Eugster, P.},
title = {Co-Design and Verification of an Available File System},
booktitle = {VMCAI},
year = {2018}
}

%% https://pages.lip6.fr/Marc.Shapiro/papers/geodistr-FS-Systor-2015.pdf
@inproceedings{Tao:2015gd,
author = {Tao, V. and Shapiro, M. and Rancurel, V.},
title = {Merging semantics for conflict updates in geo-distributed file systems},
booktitle = {8th ACM International Systems and Storage Conference},
year = {2015}
}

%% http://pagesperso.lina.univ-nantes.fr/~molli-p/pmwiki/uploads/Main/weiss09.pdf
@inproceedings{Weiss:2009ht,
author = {Weiss, S. and Urso, P. and Molli, P.},
title = {{Logoot}: A Scalable Optimistic Replication Algorithm for Collaborative Editing on {P2P} Networks},
booktitle = {ICDCS},
year = {2009}
}

%% https://hal.inria.fr/docs/00/62/95/03/PDF/doce63-ahmednacer.pdf
@inproceedings{AhmedNacer:2011ke,
author = {Ahmed-Nacer, M. and Ignat, C.-L. and Oster, G. and Roh, H.-G. and Urso, P.},
title = {Evaluating {CRDTs} for real-time document editing},
booktitle = {11th ACM Symposium on Document Engineering},
year = {2011}
}

%% https://hal.archives-ouvertes.fr/hal-01303333
@inproceedings{Nedelec:2016eo,
author = {N{\'e}delec, B. and Molli, P. and Mostefaoui, A.},
title = {{CRATE}: Writing Stories Together with our Browsers},
booktitle = {WWW},
year = {2016}
}

%% http://novasys.di.fct.unl.pt/~alinde/publications/fp0964-vanderlinde.pdf
@inproceedings{vanderLinde:2017fu,
author = {van der Linde, A. and Fouto, P. and Leit{\~a}o, J. and Pregui{\c c}a, N. and Casti{\~n}eira, S. and Bieniusa, A.},
title = {{Legion}: Enriching Internet Services with Peer-to-Peer Interactions},
booktitle = {WWW},
year = {2017}
}

%% https://arxiv.org/abs/1707.01747
@article{Gomes:2017gy,
author = {Gomes, V.B.F. and Kleppmann, M. and Mulligan, D.P. and Beresford, A.R.},
title = {Verifying strong eventual consistency in distributed systems},
journal = {PACMPL},
year = {2017},
volume = {1},
number = {OOPSLA},
month = oct
}

@incollection{Zeller:2014fl,
author = {Zeller, P. and Bieniusa, A. and Poetzsch-Heffter, A.},
title = {Formal Specification and Verification of {CRDTs}},
booktitle = {Formal Techniques for Distributed Objects, Components and Systems},
series = {FORTE},
year = {2014}
}

%% https://martin.kleppmann.com/papers/pushpin-papoc20.pdf
@inproceedings{vanHardenberg2020PushPin,
author = {van Hardenberg, P. and Kleppmann, M.},
title = {{PushPin}: Towards Production-Quality Peer-to-Peer Collaboration},
booktitle = {Principles and Practice of Consistency for Distributed Data},
year = {2020}
}

%% https://martin.kleppmann.com/papers/local-first.pdf
@inproceedings{Kleppmann2019localfirst,
author = {Kleppmann, M. and Wiggins, A. and van Hardenberg, P. and McGranaghan, M.},
title = {Local-First Software: You own your data, in spite of the cloud},
booktitle = {Onward!},
year = {2019}
}

%% https://www.petsymposium.org/2019/files/papers/issue3/popets-2019-0044.pdf
@article{Kollmann:2019hf,
author = {Kollmann, S.A. and Kleppmann, M. and Beresford, A.R.},
title = {{Snapdoc}: Authenticated snapshots with history privacy in peer-to-peer collaborative editing},
journal = {PoPETs},
year = {2019},
volume = {2019},
number = {3},
pages = {210--232},
month = jul
}

@misc{IPLD,
author = {{Protocol Labs}},
title = {{IPLD}},
url = {https://ipld.io/}
}

%% https://static.usenix.org/event/osdi10/tech/full_papers/Feldman.pdf
@inproceedings{Feldman:2010wl,
author = {Feldman, A.J. and Zeller, W.P. and Freedman, M.J. and Felten, E.W.},
title = {{SPORC}: Group Collaboration using Untrusted Cloud Resources},
booktitle = {OSDI},
year = {2010}
}

%% https://pdfs.semanticscholar.org/587b/c024d5e877608c79f484112666489d90f041.pdf
@inproceedings{Zhao:2013ie,
author = {Zhao, W. and Babi, M.},
title = {Byzantine fault tolerant collaborative editing},
booktitle = {IETICT},
year = {2013}
}

%% http://www.loria.fr/~ignatcla/pmwiki/pub/papers/TruongGROUP12.pdf
@inproceedings{Truong:2012et,
author = {Truong, H.T.T. and Ignat, C.-L. and Molli, P.},
title = {Authenticating operation-based history in collaborative systems},
booktitle = {17th ACM International Conference on Supporting Group Work},
year = {2012}
}

@inproceedings{Kang:2003,
author = {Kang, B.B. and Wilensky, R. and Kubiatowicz, J.},
title = {The hash history approach for reconciling mutual inconsistency}, 
booktitle = {ICDCS},
year = {2003}
}

@article{Defago:2004ji,
author = {D{\'e}fago, X. and Schiper, A. and Urb{\'a}n, P.},
title = {Total order broadcast and multicast algorithms: Taxonomy and survey},
journal = {ACM Computing Surveys},
year = {2004},
volume = {36},
number = {4},
pages = {372--421},
month = dec
}

@article{Birman:1991el,
author = {Birman, K.P. and Schiper, A. and Stephenson, P.},
title = {Lightweight causal and atomic group multicast},
journal = {ACM Transactions on Computer Systems},
year = {1991},
volume = {9},
number = {3},
pages = {272--314},
month = aug
}

@article{Vogels:2009ca,
author = {Vogels, Werner},
title = {Eventually consistent},
journal = {Communications of the ACM},
year = {2009},
volume = {52},
number = {1},
pages = {40--44}
}

%% http://www.distributedprogramming.net/
@book{Cachin:2011wt,
author = {Cachin, C. and Guerraoui, R. and Rodrigues, L.},
title = {Introduction to Reliable and Secure Distributed Programming},
publisher = {Springer},
year = {2011},
edition = {second}
}
